@misc{damir2021architecture,
  author={Arh, Damir},
  howpublished={\url{https://www.dotnetcurry.com/patterns-practices/web-application-architecture}},
  title={Architecture of Web Applications (with Design Patterns)},
  year={2021},
  note={Accessed: 2023-12-09}
}

@misc{klint2022functional,
  author={Finley, Klint},
  howpublished={\url{https://github.com/readme/featured/functional-programming}},
  title={Functional programming is finally going mainstream},
  year={2022},
  note={Accessed: 2023-12-04}
}

@article{halili2018web,
  title={Web services: a comparison of soap and rest services},
  author={Halili, Festim and Ramadani, Erenis and others},
  journal={Modern Applied Science},
  volume={12},
  number={3},
  pages={175},
  year={2018},
  publisher={Canadian Center of Science and Education}
}

@book{fielding2000architectural,
  title={Architectural styles and the design of network-based software architectures},
  author={Fielding, Roy Thomas},
  year={2000},
  publisher={University of California, Irvine}
}

@article{turing1937computability,
  title={Computability and $\lambda$-definability},
  author={Turing, Alan M},
  journal={The Journal of Symbolic Logic},
  volume={2},
  number={4},
  pages={153--163},
  year={1937},
  publisher={Cambridge University Press}
}

@article{hughes1989functional,
  title={Why functional programming matters},
  author={Hughes, John},
  journal={The computer journal},
  volume={32},
  number={2},
  pages={98--107},
  year={1989},
  publisher={Oxford University Press}
}

@article{wadler1992essence,
  title={The essence of functional programming},
  author={Wadler, Philip},
  booktitle={Proceedings of the 19th ACM SIGPLAN-SIGACT symposium on Principles of programming languages},
  pages={1--14},
  year={1992}
}

@book{snoyman2015developing,
  title={Developing web apps with Haskell and Yesod: safety-driven web development},
  author={Snoyman, Michael},
  year={2015},
  publisher={" O'Reilly Media, Inc."}
}

@book{warburton2014java,
  title={Java 8 Lambdas: Pragmatic Functional Programming},
  author={Warburton, Richard},
  year={2014},
  publisher={" O'Reilly Media, Inc."}
}

@article{webb2013spring,
  title={Spring boot reference guide},
  author={Webb, Phillip and Syer, Dave and Long, Josh and Nicoll, St{\'e}phane and Winch, Rob and Wilkinson, Andy and Overdijk, Marcel and Dupuis, Christian and Deleuze, S{\'e}bastien},
  journal={Part IV. Spring Boot features},
  volume={24},
  year={2013}
}

@misc{hott2024java,
  author={Hott, John R},
  howpublished={\url{https://www.cs.virginia.edu/~jh2jf/courses/cs2110/java-pass-by-value.html}},
  title={Is Java Pass-by-value?},
  note={Accessed: 2024-04-29}
}

@inproceedings{tschantz2005javari,
  title={Javari: Adding reference immutability to Java},
  author={Tschantz, Matthew S and Ernst, Michael D},
  booktitle={Proceedings of the 20th annual ACM SIGPLAN conference on Object-oriented programming, systems, languages, and applications},
  pages={211--230},
  year={2005}
}

@misc{fielding2022rfc,
  title={RFC 9110: HTTP Semantics},
  author={Fielding, R and Nottingham, M and Reschke, J},
  year={2022},
  publisher={RFC Editor}
}
